[gd_scene load_steps=2 format=2]

[ext_resource path="res://scripts/gui.gd" type="Script" id=1]

[node name="GUI" type="Control"]
anchor_right = 1.0
anchor_bottom = 1.0
mouse_filter = 2
script = ExtResource( 1 )
__meta__ = {
"_edit_lock_": true,
"_edit_use_anchors_": false
}

[node name="stats" type="MarginContainer" parent="."]
margin_left = 44.0
margin_top = 31.0
margin_right = 204.0
margin_bottom = 117.0
__meta__ = {
"_edit_use_anchors_": false
}

[node name="stats_rows" type="VBoxContainer" parent="stats"]
margin_right = 160.0
margin_bottom = 86.0

[node name="money" type="HBoxContainer" parent="stats/stats_rows"]
margin_right = 160.0
margin_bottom = 14.0
size_flags_horizontal = 3
size_flags_vertical = 3

[node name="label" type="Label" parent="stats/stats_rows/money"]
margin_right = 120.0
margin_bottom = 14.0
size_flags_horizontal = 3
size_flags_vertical = 6
text = "Money"

[node name="value" type="Label" parent="stats/stats_rows/money"]
margin_left = 124.0
margin_right = 132.0
margin_bottom = 14.0
size_flags_vertical = 6
text = "0"

[node name="of" type="Label" parent="stats/stats_rows/money"]
margin_left = 136.0
margin_right = 148.0
margin_bottom = 14.0
text = "of"

[node name="max" type="Label" parent="stats/stats_rows/money"]
margin_left = 152.0
margin_right = 160.0
margin_bottom = 14.0
text = "0"

[node name="pops" type="HBoxContainer" parent="stats/stats_rows"]
margin_top = 18.0
margin_right = 160.0
margin_bottom = 32.0
size_flags_horizontal = 3
size_flags_vertical = 3

[node name="label" type="Label" parent="stats/stats_rows/pops"]
margin_right = 120.0
margin_bottom = 14.0
size_flags_horizontal = 3
size_flags_vertical = 6
text = "Population"

[node name="value" type="Label" parent="stats/stats_rows/pops"]
margin_left = 124.0
margin_right = 132.0
margin_bottom = 14.0
size_flags_vertical = 6
text = "0"
__meta__ = {
"_edit_use_anchors_": false
}

[node name="of" type="Label" parent="stats/stats_rows/pops"]
margin_left = 136.0
margin_right = 148.0
margin_bottom = 14.0
text = "of"

[node name="max" type="Label" parent="stats/stats_rows/pops"]
margin_left = 152.0
margin_right = 160.0
margin_bottom = 14.0
text = "0"

[node name="materials" type="HBoxContainer" parent="stats/stats_rows"]
margin_top = 36.0
margin_right = 160.0
margin_bottom = 50.0
size_flags_horizontal = 3
size_flags_vertical = 3

[node name="label" type="Label" parent="stats/stats_rows/materials"]
margin_right = 120.0
margin_bottom = 14.0
size_flags_horizontal = 3
size_flags_vertical = 6
text = "Materials"

[node name="value" type="Label" parent="stats/stats_rows/materials"]
margin_left = 124.0
margin_right = 132.0
margin_bottom = 14.0
size_flags_vertical = 6
text = "0"
__meta__ = {
"_edit_use_anchors_": false
}

[node name="of" type="Label" parent="stats/stats_rows/materials"]
margin_left = 136.0
margin_right = 148.0
margin_bottom = 14.0
text = "of"

[node name="max" type="Label" parent="stats/stats_rows/materials"]
margin_left = 152.0
margin_right = 160.0
margin_bottom = 14.0
text = "0"

[node name="food" type="HBoxContainer" parent="stats/stats_rows"]
margin_top = 54.0
margin_right = 160.0
margin_bottom = 68.0
size_flags_horizontal = 3
size_flags_vertical = 3

[node name="label" type="Label" parent="stats/stats_rows/food"]
margin_right = 120.0
margin_bottom = 14.0
size_flags_horizontal = 3
size_flags_vertical = 6
text = "Food"

[node name="value" type="Label" parent="stats/stats_rows/food"]
margin_left = 124.0
margin_right = 132.0
margin_bottom = 14.0
size_flags_vertical = 6
text = "0"
__meta__ = {
"_edit_use_anchors_": false
}

[node name="of" type="Label" parent="stats/stats_rows/food"]
margin_left = 136.0
margin_right = 148.0
margin_bottom = 14.0
text = "of"

[node name="max" type="Label" parent="stats/stats_rows/food"]
margin_left = 152.0
margin_right = 160.0
margin_bottom = 14.0
text = "0"

[node name="research" type="HBoxContainer" parent="stats/stats_rows"]
margin_top = 72.0
margin_right = 160.0
margin_bottom = 86.0
size_flags_horizontal = 3
size_flags_vertical = 3

[node name="label" type="Label" parent="stats/stats_rows/research"]
margin_right = 120.0
margin_bottom = 14.0
size_flags_horizontal = 3
size_flags_vertical = 6
text = "Research"

[node name="value" type="Label" parent="stats/stats_rows/research"]
margin_left = 124.0
margin_right = 132.0
margin_bottom = 14.0
size_flags_vertical = 6
text = "0"
__meta__ = {
"_edit_use_anchors_": false
}

[node name="of" type="Label" parent="stats/stats_rows/research"]
margin_left = 136.0
margin_right = 148.0
margin_bottom = 14.0
text = "of"

[node name="max" type="Label" parent="stats/stats_rows/research"]
margin_left = 152.0
margin_right = 160.0
margin_bottom = 14.0
text = "0"

[node name="Timer" type="Timer" parent="."]
wait_time = 2.0

[node name="MarginContainer" type="MarginContainer" parent="."]
visible = false
margin_left = 118.0
margin_top = 417.0
margin_right = 233.0
margin_bottom = 435.0
rect_clip_content = true
size_flags_horizontal = 15
size_flags_vertical = 15
__meta__ = {
"_edit_use_anchors_": false
}

[node name="Panel" type="Panel" parent="MarginContainer"]
margin_right = 115.0
margin_bottom = 18.0
size_flags_horizontal = 15
size_flags_vertical = 15
__meta__ = {
"_edit_use_anchors_": false
}

[node name="log" type="RichTextLabel" parent="MarginContainer"]
margin_right = 115.0
margin_bottom = 18.0
size_flags_horizontal = 15
size_flags_vertical = 15
fit_content_height = true

[connection signal="timeout" from="Timer" to="." method="_on_Timer_timeout"]
